@misc{SigmaRacing,
  author = {Groupe Sigma},
  year = {2020},
  title = {D\'evelopper la proximite entreprise / \'etudiants : IA Racing},
  howpublished = "\url{https://www.sigma.fr/2020/12/03/favoriser-une-intimite-plus-grande-entre-lentreprise-et-les-etudiants/}",
}

@Book{2ndEd,
author = {Aur\'elien G\'eron},
title = {Hands-On-Machine Learning with Scikit-Learn\, Keras \& TensorFlow 2nd Edition},
publisher = {O'Reilly},
year = {2019},
}

@Misc{AlphaGo,
author = {DeepMind},
year = {Unknown},
title = {AlphaGo},
howpublished = "\url{https://deepmind.com/research/case-studies/alphago-the-story-so-far}",
}

@Misc{DonkeySim,
author = {Donkey Car},
year = {Unknown},
title = {Donkey Simulator},
howpublished = "\url{https://docs.donkeycar.com/guide/simulator/}",
}

@Misc{Udacity,
author = {Rayan Slim - Amer Sharaf - Jad Slim - Sarmad Tanveer},
title = {The Complete Self-Driving Car Course - Applied Deep Learning},
howpublished = "\url{https://www.udemy.com/course/applied-deep-learningtm-the-complete-self-driving-car-course/}",
month = {09},
year = {2020},
}

@Misc{DonkeyRC,
author = {Cian B},
title = {Donkey Car Simulator with Real RC Controller},
howpublished = "\url{https://www.hackster.io/wallarug/donkey-car-simulator-with-real-rc-controller-628e77}",
month = {05},
year = {2020},
}

@Misc{DonkeyJetsonNanon,
author = {Cian B},
title = {Donkey Car with Jetson Nano Robo HAT MM1},
howpublished = "\url{https://www.hackster.io/wallarug/donkey-car-with-jetson-nano-robo-hat-mm1-e53e21}",
month = {05},
year = {2020},
}

@Misc{imageDataset,
year = {Unknown},
author = {RobocarStore},
title = {donkeycar-images},
howpublished = "\url{https://github.com/robocarstore/donkeycar-images}",
}

@Misc{GymDonkey,
year = {Unknown},
author = {Tawn Kraner},
title = {OpenAI Gym Environments for Donkey Car},
howpublished = "\url{https://github.com/tawnkramer/gym-donkeycar}",
}

@Misc{UdacitySim,
author = {Udacity},
year = {Unknown},
title = {self-driving-car-sim},
howpublished = "\url{https://github.com/udacity/self-driving-car-sim}",
}

@Misc{RNNDonkeySim,
author = {Felix Yu},
title = {Train Donkey Car in Unity Simulator with Reinforcement Learning},
howpublished = "\url{https://flyyufelix.github.io/2018/09/11/donkey-rl-simulation.html}",
month = {09},
year = {2018},
}

@Misc{AWSWin,
author = {Roscoe (daduce)},
title = { How I'd try to win the 36 hour self driving hackathon at AWS reInvent. },
howpublished = "\url{https://www.donkeycar.com/updates/what-id-try-to-win-the-36-hour-self-driving-hackathon-at-aws-reinvent}",
month = {11},
year = {2017},
}

@Misc{JetsonGettingStarted,
author = {Fei Cheung},
title = {Getting started with Jetson Nano and Donkey car aka Autonomous Car},
howpublished = "\url{https://medium.com/@feicheung2016/getting-started-with-jetson-nano-and-autonomous-donkey-car-d4f25bbd1c83}",
month = {04},
year = {2019},
}

@Misc{DriveInMinutes,
author = {Unknown},
title = {Learning to Drive Smoothly in Minutes},
howpublished = "\url{https://towardsdatascience.com/learning-to-drive-smoothly-in-minutes-450a7cdb35f4}",
month = {01},
year = {2019},
}

@Misc{OpenDataset,
author = {Unknown},
title = {Open Datasets},
howpublished = "\url{https://diyrobocars.com/open-datasets/}",
}

@Misc{PossibleCar,
author = {Unknown},
title = {Exceed RC Truck Radio Car 1/16 2.4Ghz Magnet EP Electric Powered RTR Off Road Truck Stripe Blue RC Remote Control Car},
howpublished = "\url{https://www.nitrorcx.com/51c853-stripeblue-24-ghz.html}",
}

@Misc{DriveInMinute,
author = {Raffin -- Antonin and Sokolkov -- Roma},
title = {Learning to Drive Smoothly in Minutes},
year = {2019},
howpublished = "\url{https://github.com/araffin/learning-to-drive-in-5-minutes/}",
}

@Misc{ImitationLearning,
author = {Raj K},
title = {Donkey Car - Imitation Learning},
howpublished = "\url{https://github.com/RajK853/DonkeyCar}",
}

@Misc{ColabTraining,
author = {Sachin},
title = {Self Driving Car using Google Colab},
howpublished = "\url{https://github.com/sachindroid8/self-driving-car-using-google-colab}",
}

@Misc{Dataset,
author = {Yuichi Okuyama},
title = {donkey-data},
howpublished = "\url{https://github.com/hogenimushi/donkey_data}",
}

@Misc{GT-RNN,
author = {Florian Fuchs - Yunlong Song - Elia Kaufmann - Davide Scaramuzza - Peter Durr},
title = {Super-Human Performance in Gran Turismo Sport Using Deep Reinforcement Learning},
howpublished = "\url{https://arxiv.org/pdf/2008.07971v1.pdf}",
year = {2008},
}

@Misc{SDC-ControlDesign,
author = {Engin Bozkurt},
title = {Self Driving Car Control Design},
howpublished = "\url{https://github.com/enginBozkurt/SelfDrivingCarsControlDesign}",
}

@Misc{PID,
author = {Autorope},
howpublished = "\url{https://github.com/autorope/donkeycar/blob/master/donkeycar/parts/transform.py}",
}

@Misc{Carla-SD,
author = {Sentdex},
title = {Introduction - Self-driving cars with Carla and Python part 1},
howpublished = "\url{https://pythonprogramming.net/introduction-self-driving-autonomous-cars-carla-python/}",
}

@Misc{PilotNet,
author = {Nvidia},
title = {PilotNet: End to End Learning for Self-Driving Cars},
howpublished = "\url{https://github.com/lhzlhz/PilotNet}",
}

@Misc{RNN-Intro,
author = {Jeremy Cohen},
title = {Deep Reinforcement Learning for Self-Driving Cars — An intro},
howpublished = "\url{https://thinkautonomous.medium.com/deep-reinforcement-learning-for-self-driving-cars-an-intro-4c8c08e6d06b}",
month = {12},
year = {2019},
}

@Misc{AC-Algorithm,
author = {Dexlab},
title = {Machine Learning - Algorithm used in autonomous car - a study},
howpublished = "\url{https://www.dexlabanalytics.com/blog/machine-learning-algorithms-in-self-driving-cars}",
month = {03},
year = {2020},
}

@Misc{OpenAI,
OPTkey = {•},
author = {OpenAI},
title = { Gym },
howpublished = "\url{https://gym.openai.com/}",
}
