@MISC{SigmaRacing,
  AUTHOR = {Sigma, Groupe},
  DATE = {2020},
  HOWPUBLISHED = {\url{https://www.sigma.fr/2020/12/03/favoriser-une-intimite-plus-grande-entre-lentreprise-et-les-etudiants/}},
  TITLE = {D\'{e}velopper la proximite entreprise / \'{e}tudiants : IA Racing},
}

@BOOK{2ndEd,
  AUTHOR = {G\'{e}ron, Aur\'{e}lien},
  PUBLISHER = {O'Reilly},
  DATE = {2019},
  TITLE = {Hands-On-Machine Learning with Scikit-Learn\, Keras \& TensorFlow 2nd Edition},
}

@MISC{AlphaGo,
  AUTHOR = {DeepMind},
  HOWPUBLISHED = {\url{https://deepmind.com/research/case-studies/alphago-the-story-so-far}},
  TITLE = {AlphaGo},
}

@MISC{DonkeySim,
  AUTHOR = {Car, Donkey},
  HOWPUBLISHED = {\url{https://docs.donkeycar.com/guide/simulator/}},
  TITLE = {Donkey Simulator},
}

@MISC{Udacity,
  AUTHOR = {Tanveer, Rayan Slim - Amer Sharaf - Jad Slim - Sarmad},
  DATE = {2020-09},
  HOWPUBLISHED = {\url{https://www.udemy.com/course/applied-deep-learningtm-the-complete-self-driving-car-course/}},
  TITLE = {The Complete Self-Driving Car Course - Applied Deep Learning},
}

@MISC{DonkeyRC,
  AUTHOR = {B, Cian},
  DATE = {2020-05},
  HOWPUBLISHED = {\url{https://www.hackster.io/wallarug/donkey-car-simulator-with-real-rc-controller-628e77}},
  TITLE = {Donkey Car Simulator with Real RC Controller},
}

@MISC{DonkeyJetsonNanon,
  AUTHOR = {B, Cian},
  DATE = {2020-05},
  HOWPUBLISHED = {\url{https://www.hackster.io/wallarug/donkey-car-with-jetson-nano-robo-hat-mm1-e53e21}},
  TITLE = {Donkey Car with Jetson Nano Robo HAT MM1},
}

@MISC{imageDataset,
  AUTHOR = {RobocarStore},
  HOWPUBLISHED = {\url{https://github.com/robocarstore/donkeycar-images}},
  TITLE = {donkeycar-images},
}

@MISC{GymDonkey,
  AUTHOR = {Kraner, Tawn},
  HOWPUBLISHED = {\url{https://github.com/tawnkramer/gym-donkeycar}},
  TITLE = {OpenAI Gym Environments for Donkey Car},
}

@MISC{UdacitySim,
  AUTHOR = {Udacity},
  HOWPUBLISHED = {\url{https://github.com/udacity/self-driving-car-sim}},
  TITLE = {self-driving-car-sim},
}

@MISC{RNNDonkeySim,
  AUTHOR = {Yu, Felix},
  DATE = {2018-09},
  HOWPUBLISHED = {\url{https://flyyufelix.github.io/2018/09/11/donkey-rl-simulation.html}},
  TITLE = {Train Donkey Car in Unity Simulator with Reinforcement Learning},
}

@MISC{AWSWin,
  AUTHOR = {(daduce), Roscoe},
  DATE = {2017-11},
  HOWPUBLISHED = {\url{https://www.donkeycar.com/updates/what-id-try-to-win-the-36-hour-self-driving-hackathon-at-aws-reinvent}},
  TITLE = {How I'd try to win the 36 hour self driving hackathon at AWS reInvent.},
}

@MISC{JetsonGettingStarted,
  AUTHOR = {Cheung, Fei},
  DATE = {2019-04},
  HOWPUBLISHED = {\url{https://medium.com/@feicheung2016/getting-started-with-jetson-nano-and-autonomous-donkey-car-d4f25bbd1c83}},
  TITLE = {Getting started with Jetson Nano and Donkey car aka Autonomous Car},
}

@MISC{DriveInMinutes,
  AUTHOR = {Unknown},
  DATE = {2019-01},
  HOWPUBLISHED = {\url{https://towardsdatascience.com/learning-to-drive-smoothly-in-minutes-450a7cdb35f4}},
  TITLE = {Learning to Drive Smoothly in Minutes},
}

@MISC{OpenDataset,
  AUTHOR = {Unknown},
  HOWPUBLISHED = {\url{https://diyrobocars.com/open-datasets/}},
  TITLE = {Open Datasets},
}

@MISC{PossibleCar,
  AUTHOR = {Unknown},
  HOWPUBLISHED = {\url{https://www.nitrorcx.com/51c853-stripeblue-24-ghz.html}},
  TITLE = {Exceed RC Truck Radio Car 1/16 2.4Ghz Magnet EP Electric Powered RTR Off Road Truck Stripe Blue RC Remote Control Car},
}

@MISC{DriveInMinute,
  AUTHOR = {Antonin, Raffin -- and Roma, Sokolkov --},
  DATE = {2019},
  HOWPUBLISHED = {\url{https://github.com/araffin/learning-to-drive-in-5-minutes/}},
  TITLE = {Learning to Drive Smoothly in Minutes},
}

@MISC{ImitationLearning,
  AUTHOR = {K, Raj},
  HOWPUBLISHED = {\url{https://github.com/RajK853/DonkeyCar}},
  TITLE = {Donkey Car - Imitation Learning},
}

@MISC{ColabTraining,
  AUTHOR = {Sachin},
  HOWPUBLISHED = {\url{https://github.com/sachindroid8/self-driving-car-using-google-colab}},
  TITLE = {Self Driving Car using Google Colab},
}

@MISC{Dataset,
  AUTHOR = {Okuyama, Yuichi},
  HOWPUBLISHED = {\url{https://github.com/hogenimushi/donkey_data}},
  TITLE = {donkey-data},
}

@MISC{GT-RNN,
  AUTHOR = {Durr, Florian Fuchs - Yunlong Song - Elia Kaufmann - Davide Scaramuzza - Peter},
  DATE = {2008},
  HOWPUBLISHED = {\url{https://arxiv.org/pdf/2008.07971v1.pdf}},
  TITLE = {Super-Human Performance in Gran Turismo Sport Using Deep Reinforcement Learning},
}

@MISC{SDC-ControlDesign,
  AUTHOR = {Bozkurt, Engin},
  HOWPUBLISHED = {\url{https://github.com/enginBozkurt/SelfDrivingCarsControlDesign}},
  TITLE = {Self Driving Car Control Design},
}

@MISC{PID,
  AUTHOR = {Autorope},
  HOWPUBLISHED = {\url{https://github.com/autorope/donkeycar/blob/master/donkeycar/parts/transform.py}},
}

@MISC{Carla-SD,
  AUTHOR = {Sentdex},
  HOWPUBLISHED = {\url{https://pythonprogramming.net/introduction-self-driving-autonomous-cars-carla-python/}},
  TITLE = {Introduction - Self-driving cars with Carla and Python part 1},
}

@MISC{PilotNet,
  AUTHOR = {Nvidia},
  HOWPUBLISHED = {\url{https://github.com/lhzlhz/PilotNet}},
  TITLE = {PilotNet: End to End Learning for Self-Driving Cars},
}

@MISC{RNN-Intro,
  AUTHOR = {Cohen, Jeremy},
  DATE = {2019-12},
  HOWPUBLISHED = {\url{https://thinkautonomous.medium.com/deep-reinforcement-learning-for-self-driving-cars-an-intro-4c8c08e6d06b}},
  TITLE = {Deep Reinforcement Learning for Self-Driving Cars --- An intro},
}

@MISC{AC-Algorithm,
  AUTHOR = {Dexlab},
  DATE = {2020-03},
  HOWPUBLISHED = {\url{https://www.dexlabanalytics.com/blog/machine-learning-algorithms-in-self-driving-cars}},
  TITLE = {Machine Learning - Algorithm used in autonomous car - a study},
}

