@misc{6principesLean,
  author       = {Stephane Lenoir},
  title        = {Les 6 principes du Lean Manufacturing},
  howpublished = {\url{https://kostango.com/les-6-principes-du-lean-manufacturing/}},
  year         = {2017},
}

@misc{6stepsMVP,
  author       = {PingFlow},
  title        = {6 etapes pour mettre en place le management visuel digital dans votre equipe},
  howpublished = {\url{https://www.pingflow.com/management-visuel-digital/}},
  year         = {2018},
}


@misc{BLoC,
  author       = {Flutter BLoC team},
  title        = {Getting Started},
  howpublished = {\url{https://bloclibrary.dev/#/gettingstarted}},
  year         = {2021},
}

@misc{ frwiki:183077727,
 author = "Wikipédia",
 title = "Chaîne de valeur --- Wikipédia{,} l'encyclopédie libre",
 year = "2021",
 howpublished = {\url{http://fr.wikipedia.org/w/index.php?title=Cha\%C3\%AEne_de_valeur&oldid=183077727}},
 note = "[En ligne; Page disponible le 20-mai-2021]"
}

@misc{DragAgency,
  author       = {Flutter Agency},
  title        = {Draggable Widget – Flutter Widget Guide By Flutter Agency},
  year         = {2021},
  howpublished = {\url{https://flutteragency.com/draggable-widget/}},
}

@misc{Draggable,
  author       = {Flutter Google},
  title        = {Draggable<T extends Object> class},
  howpublished = {\url{https://api.flutter.dev/flutter/widgets/Draggable-class.html}},
  year         = {2021},
}

@misc{Firestore,
  author       = {Flutter Google},
  title        = {Cloud Firestore},
  howpublished = {\url{https://firebase.flutter.dev/docs/firestore/overview/}},
  year         = {2021},
}

@misc{KanvanApps,
  author       = {Matthew Guay},
  title        = {The 11 Best Kanban Apps to Build Your Own Productivity Workflow},
  howpublished = {\url{https://zapier.com/blog/best-kanban-apps/#meistertask}},
  year         = {2017},
}

@misc{LeanManufacturing,
  author       = {Christophe Rousseau},
  title        = {Les Outils du Lean Manufacturing},
  howpublished = {\url{http://leleanmanufacturing.com/}},
  year         = {2017},
}

@misc{ frwiki:180886687,
 author = "Wikipédia",
 title = "Lean (production) --- Wikipédia{,} l'encyclopédie libre",
 year = "2021",
 howpublished = "\url{http://fr.wikipedia.org/w/index.php?title=Lean_(production)&oldid=180886687}",
 note = "[En ligne; Page disponible le 15-mars-2021]"
}


@misc{Listview,
  author       = {Flutter Google},
  title        = {ListView.builder constructor},
  howpublished = {\url{https://api.flutter.dev/flutter/widgets/ListView/ListView.builder.html}},
  year         = {2021},
}

@misc{MaBoutiqueEnLean,
  author       = {Marc DUBUC},
  title        = {Ma Boutique en Lean},
  howpublished = {\url{https://www.ma-boutique-en-lean.fr/content/8-marc-dubuc}},
  year         = {2021},
}

@misc{PingFlow,
  author       = {PingFlow},
  title        = {Rocking your wallboards},
  howpublished = {\url{https://www.pingflow.com/}},
  year         = {2021},
}

@misc{PubBLoC,
  author       = {Flutter BLoC team},
  title        = {flutter\_bloc 7.0.9},
  howpublished = {\url{https://pub.dev/packages/flutter_bloc}},
  year         = {2021},
}

@misc{Qubes,
  author       = {Qubes},
  title        = {Faites passer votre management visuel a l’ere du numerique},
  howpublished = {\url{https://www.qubes.com/fr/solutions/votre-besoin/management-visuel/}},
  year         = {2021},
}

@misc{QuezakoLean,
  author       = {Amalo Rectutement},
  title        = {Lean manufacturing : Qu’est-ce que c’est ?},
  howpublished = {\url{https://www.amalo-recrutement.fr/blog/lean-manufacturing-definition-qu-est-ce-que-c-est/}},
  year         = {2020},
}

@misc{Wrike,
  author       = {Wrike},
  title        = {Transformer votre façon de travailler},
  howpublished = {\url{https://www.wrike.com/fr/tour/}},
  year         = {2021},
}

@misc{Firebase,
  author       = {Google},
  title        = {Firebase helps you build
and run successful apps},
  howpublished = {\url{https://firebase.google.com/}},
  year         = {2021},
}

@misc{Flutter,
  author       = {Flutter Google},
  title        = {Beautifull native apps},
  howpublished = {\url{https://flutter.dev/}},
  year         = {2021},
}

@misc{ScrumMaster,
  author       = {Valérie François},
  title        = {Scrum master},
  howpublished = {\url{https://www.cidj.com/metiers/scrum-master}},
  year         = {2021},
}


@misc{ProductOwner,
  author       = {Cegos},
  title        = {Fiche métier : Product Owner},
  howpublished = {\url{https://www.cegos.fr/fiches-metiers/les-metiers-de-la-gestion-de-projets/fiche-metier-product-owner}},
  year         = {2021},
}

@misc{Sprint,
  author       = {L'équipe éditoriale de nutcache},
  title        = {Le Sprint Agile : de la préparation au déroulement},
  howpublished = {\url{https://www.nutcache.com/fr/blog/sprint-agile/}},
  year         = {2021},
}


@misc{Atlassian,
  author       = {Atlassian},
  title        = {Présentation d'Agile},
  howpublished = {\url{https://www.atlassian.com/fr/agile}},
  year         = {2021},
}

@misc{GitHub,
  author       = {GitHub},
  title        = {Where the world builds software },
  howpublished = {\url{https://github.com/}},
  year         = {2021},
}

@misc{UbuntuFlutter,
  author       = {Rhys Davies},
  title        = {Flutter and Ubuntu so far},
  howpublished = {\url{https://ubuntu.com/blog/flutter-and-ubuntu-so-far}},
  year         = {2021},
}

@misc{Flutter2.2,
  author       = {Tim Sneath},
  title        = {Announcing Flutter 2.2 at Google I/O 2021},
  howpublished = {\url{https://medium.com/flutter/announcing-flutter-2-2-at-google-i-o-2021-92f0fcbd7ef9}},
  year         = {2021},
}

@misc{NoSQL,
  author       = {Microsoft},
  title        = {NoSQL Database - What is NoSQL?},
  howpublished = {\url{https://azure.microsoft.com/en-us/overview/nosql-database/}},
  year         = {2021},
}


@misc{PairProgrammingCodementor,
  author       = {Codementor},
  title        = {Pair Programming: What, Why, and How},
  howpublished = {\url{https://www.codementor.io/pair-programming}},
  year         = {2021},
}

@misc{enwiki:1023152145,
  author = "{Wikipedia contributors}",
  title = "Pair programming --- {Wikipedia}{,} The Free Encyclopedia",
  year = "2021",
  howpublished = {\url{https://en.wikipedia.org/w/index.php?title=Pair_programming&oldid=1023152145}},
  note = "[Online; accessed 31-May-2021]"
}

@MISC{Williams00strengtheningthe,
  author = {Laurie Williams and Robert Kessler and Ward Cunningham and Ron Jeffries},
  title = {Strengthening the Case for Pair-Programming},
  year = {2000},
  howpublished = {\url{http://sunnyday.mit.edu/16.355/williams.pdf}},
}

@MISC{Teams,
  author = {Microsoft},
  title = {Microsoft Teams},
  year = {2021},
  howpublished = {\url{https://www.microsoft.com/fr-fr/microsoft-teams/group-chat-software}},
}


@misc{JEH,
  author = "Wiktionnaire",
  title = "jour-homme --- Wiktionnaire",
  year = "2021",
  howpublished = {\url{https://fr.wiktionary.org/w/index.php?title=jour-homme&oldid=29314355}},
  note = "[En ligne ; accédé le 24-mars-2021]"
}

@misc{TPEPME,
  author = "le Mag de l'Économie",
  title = "Définition de la TPE et de la PME",
  year = "2021",
  howpublished = "\url{https://www.lemagdeleconomie.com/dossier-11-definition-tpe-pme.html}",
  note = "[En ligne ; accédé le 31-mars-2021]"
}


@misc{TVA,
  author = "INSEE",
  title = "Taxe sur la valeur ajoutée / TVA",
  year = "2019",
  howpublished = "\url{https://www.insee.fr/fr/metadonnees/definition/c1777}",
  note = "[En ligne ; accédé le 31-mars-2021]"
}

@misc{TTC,
  author = "Wiktionnaire",
  title = "TTC --- Wiktionnaire",
  year = "2020",
  howpublished = "\url{https://fr.wiktionary.org/w/index.php?title=TTC&oldid=28306854}",
  note = "[En ligne ; accédé le 10-août-2020]"
}

@misc{SalaireFreeLance,
  author = "Malt",
  title = "Le baromètre des tarifs freelances",
  year = "2021",
  howpublished = "\url{https://www.malt.fr/t/barometre-tarifs/tech/developpeur-backend/developpeur-fullstack}",
  note = "[En ligne ; accédé le 01-Juin-2021]"
}

@misc{MVP,
  author = "B. Bathelot",
  title = "MVP",
  year = "2017",
  howpublished = "\url{https://www.definitions-marketing.com/definition/mvp/}",
  note = "[En ligne ; accédé le 04-Juin-2021]"
}

@misc{ frwiki:165602953,
  author = {Wikipédia},
  title = {Simplexité --- Wikipédia{,} l'encyclopédie libre},
  year = {2019},
  howpublished = {\url{http://fr.wikipedia.org/w/index.php?title=Simplexit\%C3\%A9&oldid=165602953}},
  note = "[En ligne; Page disponible le 04-juin-2021]",
}}

@misc{BLoC_GitHub,
  author = "BLoC Developpers",
  title = "BLoC",
  year = "2021",
  howpublished = {\url{https://github.com/felangel/bloc}},
 }
 
@misc{POC,
  author = "Chef d'Entreprise",
  title = "Qu'est-ce qu'un POC ?",
  year = "2020",
  howpublished = {\url{https://fiches-pratiques.chefdentreprise.com/Thematique/gestion-1050/FichePratique/Proof-of-Concept-ou-POC-qu-est-ce-que-c-est--352310.htm}},
 }
 
 @misc{DRSO,
  author = "Prudentis",
  title = "Le Diagnostic de Résonance Systémique (DRSO ®)",
  year = "2021",
  howpublished = {\url{Le Diagnostic de Résonance Systémique (DRSO ®)}},
 }
 
 
@misc{ frwiki:183031578,
 author = "Wikipédia",
 title = "Technologie de l'information --- Wikipédia{,} l'encyclopédie libre",
 year = "2021",
 url = "\url{http://fr.wikipedia.org/w/index.php?title=Technologie_de_l%27information&oldid=183031578}",
 note = "[En ligne; Page disponible le 18-mai-2021]"
}